<?xml version="1.0" encoding="UTF-8"?><collection xmlns="http://www.loc.gov/MARC21/slim"><record><leader>00444nam--2200145-i-4500</leader><controlfield tag="001">000026072</controlfield><controlfield tag="002">20161230</controlfield><controlfield tag="005">20170128192836</controlfield><controlfield tag="008">060222s1000------------r-----000-0-eng-d</controlfield><datafield ind1=" " ind2=" " tag="080"><subfield code="a">539. 166.2:543.42</subfield></datafield><datafield ind1=" " ind2=" " tag="245"><subfield code="a">International series of monographs in analytical chemistry. Vol. 30. Substoichiometry in radiochemical analysis</subfield></datafield><datafield ind1=" " ind2=" " tag="260"><subfield code="a">Oxford</subfield><subfield code="b">Pergamon Press</subfield><subfield code="c">1965</subfield></datafield><datafield ind1=" " ind2=" " tag="700"><subfield code="a">Stary, Jiri</subfield></datafield><datafield ind1=" " ind2=" " tag="852"><subfield code="a">16056</subfield></datafield><datafield ind1=" " ind2=" " tag="CAT"><subfield code="a">SYS</subfield><subfield code="c">20170128</subfield><subfield code="h">192836</subfield></datafield></record></collection>